<record><leader>00000cas a22000007a 4500</leader><controlfield tag="001">12628131</controlfield><controlfield tag="008">851002d18711871inudn ne      0    0eng d</controlfield><datafield ind1=" " ind2=" " tag="010"><subfield code="a">sn 85048091 </subfield></datafield><datafield ind1=" " ind2=" " tag="040"><subfield code="a">NPI</subfield><subfield code="b">eng</subfield><subfield code="c">NPI</subfield><subfield code="d">OCLCQ</subfield></datafield><datafield ind1=" " ind2=" " tag="042"><subfield code="a">msc</subfield></datafield><datafield ind1="0" ind2=" " tag="130"><subfield code="a">New Albany ledger (New Albany, Ind. : 1871 : Daily)</subfield></datafield><datafield ind1="1" ind2="0" tag="245"><subfield code="a">New Albany ledger.</subfield></datafield><datafield ind1=" " ind2=" " tag="260"><subfield code="a">New Albany, Ind. :</subfield><subfield code="b">Luciene G. Matthews,</subfield><subfield code="c">1871.</subfield></datafield><datafield ind1=" " ind2=" " tag="300"><subfield code="a">1 v. :</subfield><subfield code="b">ill. (chiefly advertisements) ;</subfield><subfield code="c">58 cm.</subfield></datafield><datafield ind1=" " ind2=" " tag="310"><subfield code="a">Daily (except Sun.)</subfield></datafield><datafield ind1="0" ind2=" " tag="362"><subfield code="a">Vol. 22, no. 6653 (June 1, 1871)-</subfield></datafield><datafield ind1="1" ind2=" " tag="362"><subfield code="a">Ceased in July or Aug. 1871.</subfield></datafield><datafield ind1=" " ind2=" " tag="752"><subfield code="a">United States</subfield><subfield code="b">Indiana</subfield><subfield code="c">Floyd</subfield><subfield code="d">New Albany.</subfield></datafield><datafield ind1="0" ind2="0" tag="780"><subfield code="t">New Albany daily ledger (New Albany, Ind. : 1849)</subfield><subfield code="w">(DLC)sn 82016335</subfield></datafield><datafield ind1="0" ind2="0" tag="785"><subfield code="t">New Albany daily ledger (New Albany, Ind. : 1871)</subfield><subfield code="w">(DLC)sn 91099330</subfield></datafield></record>